
@incollection{carroll_introduction_nodate,
	title = {An {Introduction} to {General} {Relativity}, {Spacetime} and {Geometry}},
	isbn = {978-1-108-48839-6},
	shorttitle = {Spacetime and {Geometry}},
	publisher = {Cambridge University Press},
	author = {Carroll, Sean},
}
