@article{gauss-bonnet,
   title={Black hole hair in generalized scalar-tensor gravity: An explicit example},
   volume={90},
   ISSN={1550-2368},
   url={http://dx.doi.org/10.1103/PhysRevD.90.124063},
   DOI={10.1103/physrevd.90.124063},
   number={12},
   journal={Physical Review D},
   publisher={American Physical Society (APS)},
   author={Sotiriou, Thomas P. and Zhou, Shuang-Yong},
   year={2014},
   month=dec }

@article{TP_ZHOU,
   title={Black Hole Hair in Generalized Scalar-Tensor Gravity},
   volume={112},
   ISSN={1079-7114},
   url={http://dx.doi.org/10.1103/PhysRevLett.112.251102},
   DOI={10.1103/physrevlett.112.251102},
   number={25},
   journal={Physical Review Letters},
   publisher={American Physical Society (APS)},
   author={Sotiriou, Thomas P. and Zhou, Shuang-Yong},
   year={2014},
   month=jun }

@article{TP_2015,
   title={Black holes and scalar fields},
   volume={32},
   ISSN={1361-6382},
   url={http://dx.doi.org/10.1088/0264-9381/32/21/214002},
   DOI={10.1088/0264-9381/32/21/214002},
   number={21},
   journal={Classical and Quantum Gravity},
   publisher={IOP Publishing},
   author={Sotiriou, Thomas P},
   year={2015},
   month=oct, pages={214002} }

@incollection{carroll,
	booktitle = {An {Introduction} to {General} {Relativity}, {Spacetime} and {Geometry}},
	isbn = {978-1-108-48839-6},
	shorttitle = {Spacetime and {Geometry}},
	publisher = {Cambridge University Press},
	author = {Carroll, Sean},
    year = {2019}
}

@article{OGRe,
    author    = {Barak Shoshany},
    doi       = {10.21105/joss.03416},
    journal   = {Journal of Open Source Software},
    number    = {65},
    pages     = {3416},
    publisher = {The Open Journal},
    title     = {OGRe: An Object-Oriented General Relativity Package for Mathematica},
    url       = {https://doi.org/10.21105/joss.03416},
    volume    = {6},
    year      = {2021}
}
