@ARTICLE{Ahn1983,
  author = {Suzuki, M.},
  title = {Title 1},
  journal = {Phys. Rev. B},
  year = {1983},
  volume = {26},
  pages = {265},
}

@ARTICLE{Chen1995,
  author = {Bates, P. W. and Fife, A.},
  title = {Title 2},
  journal = {Prog. Theor. Phys.},
  year = {1995},
  volume = {69},
  pages = {237},
}

@ARTICLE{Chen1993,
  author = {Britton, N. F.},
  title = {Title 3},
  journal = {J. Phys. Soc. Jpn.},
  year = {1993},
  volume = {14},
  pages = {1168},
}

@ARTICLE{Chen2001,
  author = {Duehring, D. and Huang, W.},
  title = {Title 4},
  journal = {J. Phys. A},
  year = {2001},
  volume = {108},
  pages = {317},
}

@ARTICLE{Chen2003,
  author = {Dunbar, S.R.},
  title = {Title 5},
  journal = {J. Stat. Phys.},
  year = {2003},
  volume = {95},
  pages = {43},
}

@BOOK{Clarke1983,
  title = {Biological invasions: Theory and practice},
  publisher = {Oxford: Oxford University Press},
  year = {1997},
  author = {Shigesada, N. and Kawasaki, K.},
  owner = {liuhongwei},
 }

@BOOK{Suz1988,
  title = {Quantum Monte Carlo Method in Condensed Matter Physics},
  publisher = {World Scientific, Singapore},
  year = {1993},
  author = {Koma, T. and Suzuki, M.},
}

@BOOK{Abr1981,
  title = {Methods of Quantum Field Theory in Statistical Physics},
  publisher = {Dover Publications, New York},
  year = {1975},
  author = {Abrikosov, A. A. and Gorkov, L. P. and Dzyaloshinski, I. E.},
}

@ARTICLE{Myref,
  author = {D. Qiao and W. Chen and E. Stratagoules and J.D. Martinez},
  title = {Title 1},
  journal = {J. Biol. Chem.},
  year = {in press},
  volume = {},
  pages = {},
  note = {doi: 10.1074/jbc.M908890199},
}
